@Article{Walker07,
  author =       {J. J. Walker and N. R. Pace},
  title =        {Phylogenetic Composition of Rocky Mountain Endolithic Microbial Ecosystems},
  journal =      {Appl Environ Microbiol.},
  year =         2007,
  volume =       73,
  pages =        {3497--3504},
  OPTfiled  =    {},
  OPTmynote =    {},
  OPTpmid =      17416689,
}
