@Article{Caporaso10,
  author =       {J. G. Caporaso and K. Bittinger and F. D. Bushman and T. Z. DeSantis and G. L. Andersen and R. Knight},
  title =        {{PyNAST:} a Flexible Tool for Aligning Sequences to a Template Alignment},
  journal =      {. Bioinformatics.},
  year =         2010,
  volume =       26,
  pages =        {266--267},
  OPTfiled  =    {},
  OPTmynote =    {},
  OPTpmid =      19914921,
}
@Article{Schloss09,
  author =       {P. D. Schloss},
  title =        {A High-Throughput {DNA} Sequence Aligner for Microbial Ecology Studies},
  journal =      {. PLoS One.},
  year =         2009,
  volume =       4,
  pages =        {e8230},
  OPTfiled  =    {},
  OPTmynote =    {},
  OPTpmid =      20011594,
}
@Article{Wang07,
  author =       {Q. Wang and G. M. Garrity and J. M. Tiedje and J. R. Cole},
  title =        {Naive Bayesian Classifier for Rapid Assignment of {rRNA} Sequences Into the new Bacterial Taxonomy},
  journal =      {Appl Environ Microbiol.},
  year =         2007,
  volume =       73,
  pages =        {5261--5267},
  OPTfiled  =    {},
  OPTmynote =    {},
  OPTpmid =      17586664,
}
